@misc{henderson2020physics,
author = {Henderson, Tom}, 
title = {{The Physics Classroom}}, 
year = {2020},
howpublished = {\url{www.physicsclassroom.com}}}